@inproceedings{liu2016predicting,
  title={Predicting the next location: A recurrent model with spatial and temporal contexts},
  author={Liu, Qiang and Wu, Shu and Wang, Liang and Tan, Tieniu},
  booktitle={Proceedings of the AAAI conference on artificial intelligence},
  volume={30},
  number={1},
  year={2016}
}

@inproceedings{pareja2020evolvegcn,
  title={Evolvegcn: Evolving graph convolutional networks for dynamic graphs},
  author={Pareja, Aldo and Domeniconi, Giacomo and Chen, Jie and Ma, Tengfei and Suzumura, Toyotaro and Kanezashi, Hiroki and Kaler, Tim and Schardl, Tao and Leiserson, Charles},
  booktitle={Proceedings of the AAAI conference on artificial intelligence},
  volume={34},
  number={04},
  pages={5363--5370},
  year={2020}
}

@inproceedings{bai2020temporal,
  title={Temporal graph neural networks for social recommendation},
  author={Bai, Ting and Zhang, Youjie and Wu, Bin and Nie, Jian-Yun},
  booktitle={2020 IEEE International Conference on Big Data (Big Data)},
  pages={898--903},
  year={2020},
  organization={IEEE}
}

@article{barabasi2004network,
  title={Network biology: understanding the cell's functional organization},
  author={Barabasi, Albert-Laszlo and Oltvai, Zoltan N},
  journal={Nature reviews genetics},
  volume={5},
  number={2},
  pages={101--113},
  year={2004},
  publisher={Nature Publishing Group UK London}
}



@article{zhang2018link,
  title={Link prediction based on graph neural networks},
  author={Zhang, Muhan and Chen, Yixin},
  journal={Advances in neural information processing systems},
  volume={31},
  year={2018}
}

@inproceedings{tang2015line,
  title={Line: Large-scale information network embedding},
  author={Tang, Jian and Qu, Meng and Wang, Mingzhe and Zhang, Ming and Yan, Jun and Mei, Qiaozhu},
  booktitle={Proceedings of the 24th international conference on world wide web},
  pages={1067--1077},
  year={2015}
}

@article{wu2018moleculenet,
  title={MoleculeNet: a benchmark for molecular machine learning},
  author={Wu, Zhenqin and Ramsundar, Bharath and Feinberg, Evan N and Gomes, Joseph and Geniesse, Caleb and Pappu, Aneesh S and Leswing, Karl and Pande, Vijay},
  journal={Chemical science},
  volume={9},
  number={2},
  pages={513--530},
  year={2018},
  publisher={Royal Society of Chemistry}
}

@inproceedings{gao2022graph,
  title={Graph neural networks for recommender system},
  author={Gao, Chen and Wang, Xiang and He, Xiangnan and Li, Yong},
  booktitle={Proceedings of the Fifteenth ACM International Conference on Web Search and Data Mining},
  pages={1623--1625},
  year={2022}
}

@inproceedings{ying2018graph,
  title={Graph convolutional neural networks for web-scale recommender systems},
  author={Ying, Rex and He, Ruining and Chen, Kaifeng and Eksombatchai, Pong and Hamilton, William L and Leskovec, Jure},
  booktitle={Proceedings of the 24th ACM SIGKDD international conference on knowledge discovery \& data mining},
  pages={974--983},
  year={2018}
}

@article{shift_robust,
  title={Shift-robust gnns: Overcoming the limitations of localized graph training data},
  author={Zhu, Qi and Ponomareva, Natalia and Han, Jiawei and Perozzi, Bryan},
  journal={Advances in Neural Information Processing Systems},
  volume={34},
  pages={27965--27977},
  year={2021}
}

@article{rojas2018invariant,
  title={Invariant models for causal transfer learning},
  author={Rojas-Carulla, Mateo and Sch{\"o}lkopf, Bernhard and Turner, Richard and Peters, Jonas},
  journal={Journal of Machine Learning Research},
  volume={19},
  number={36},
  pages={1--34},
  year={2018}
}

@article{OOD_survey,
  title={Out-of-distribution generalization on graphs: A survey},
  author={Li, Haoyang and Wang, Xin and Zhang, Ziwei and Zhu, Wenwu},
  journal={arXiv preprint arXiv:2202.07987},
  year={2022}
}

@article{wu2022handling,
  title={Handling distribution shifts on graphs: An invariance perspective},
  author={Wu, Qitian and Zhang, Hengrui and Yan, Junchi and Wipf, David},
  journal={arXiv preprint arXiv:2202.02466},
  year={2022}
}

@article{bazhenov2024evaluating,
  title={Evaluating robustness and uncertainty of graph models under structural distributional shifts},
  author={Bazhenov, Gleb and Kuznedelev, Denis and Malinin, Andrey and Babenko, Artem and Prokhorenkova, Liudmila},
  journal={Advances in Neural Information Processing Systems},
  volume={36},
  year={2024}
}

@article{li2022learning,
  title={Learning invariant graph representations for out-of-distribution generalization},
  author={Li, Haoyang and Zhang, Ziwei and Wang, Xin and Zhu, Wenwu},
  journal={Advances in Neural Information Processing Systems},
  volume={35},
  pages={11828--11841},
  year={2022}
}

@article{GOOD,
  title={Good: A graph out-of-distribution benchmark},
  author={Gui, Shurui and Li, Xiner and Wang, Limei and Ji, Shuiwang},
  journal={Advances in Neural Information Processing Systems},
  volume={35},
  pages={2059--2073},
  year={2022}
}

@article{arjovsky2019invariant,
  title={Invariant risk minimization},
  author={Arjovsky, Martin and Bottou, L{\'e}on and Gulrajani, Ishaan and Lopez-Paz, David},
  journal={arXiv preprint arXiv:1907.02893},
  year={2019}
}

@inproceedings{you2022graph,
  title={Graph domain adaptation via theory-grounded spectral regularization},
  author={You, Yuning and Chen, Tianlong and Wang, Zhangyang and Shen, Yang},
  booktitle={The eleventh international conference on learning representations},
  year={2022}
}

@inproceedings{GAMLP,
  title={Graph attention multi-layer perceptron},
  author={Zhang, Wentao and Yin, Ziqi and Sheng, Zeang and Li, Yang and Ouyang, Wen and Li, Xiaosen and Tao, Yangyu and Yang, Zhi and Cui, Bin},
  booktitle={Proceedings of the 28th ACM SIGKDD Conference on Knowledge Discovery and Data Mining},
  pages={4560--4570},
  year={2022}
}

@inproceedings{SGC,
  title={Simplifying graph convolutional networks},
  author={Wu, Felix and Souza, Amauri and Zhang, Tianyi and Fifty, Christopher and Yu, Tao and Weinberger, Kilian},
  booktitle={International conference on machine learning},
  pages={6861--6871},
  year={2019},
  organization={PMLR}
}


@article{RpHGNN,
  title={Efficient heterogeneous graph learning via random projection},
  author={Hu, Jun and Hooi, Bryan and He, Bingsheng},
  journal={arXiv preprint arXiv:2310.14481},
  year={2023}
}


@article{ishomophily,
  title={Is homophily a necessity for graph neural networks?},
  author={Ma, Yao and Liu, Xiaorui and Shah, Neil and Tang, Jiliang},
  journal={arXiv preprint arXiv:2106.06134},
  year={2021}
}

@inproceedings{SeHGNN,
  title={Simple and efficient heterogeneous graph neural network},
  author={Yang, Xiaocheng and Yan, Mingyu and Pan, Shirui and Ye, Xiaochun and Fan, Dongrui},
  booktitle={Proceedings of the AAAI Conference on Artificial Intelligence},
  volume={37},
  number={9},
  pages={10816--10824},
  year={2023}
}

@article{CLGNN,
  title={Loss-aware Curriculum Learning for Heterogeneous Graph Neural Networks},
  author={Wong, Zhen Hao and Yang, Hansi and Fu, Xiaoyi and Yao, Quanming},
  journal={arXiv preprint arXiv:2402.18875},
  year={2024}
}

@article{CSBM,
  title={Contextual stochastic block models},
  author={Deshpande, Yash and Sen, Subhabrata and Montanari, Andrea and Mossel, Elchanan},
  journal={Advances in Neural Information Processing Systems},
  volume={31},
  year={2018}
}

@inproceedings{HGNN,
  title={Hypergraph neural networks},
  author={Feng, Yifan and You, Haoxuan and Zhang, Zizhao and Ji, Rongrong and Gao, Yue},
  booktitle={Proceedings of the AAAI conference on artificial intelligence},
  volume={33},
  number={01},
  pages={3558--3565},
  year={2019}
}

@article{graphsaint,
  title={Graphsaint: Graph sampling based inductive learning method},
  author={Zeng, Hanqing and Zhou, Hongkuan and Srivastava, Ajitesh and Kannan, Rajgopal and Prasanna, Viktor},
  journal={arXiv preprint arXiv:1907.04931},
  year={2019}
}

@inproceedings{clustergnn,
  title={Clustergnn: Cluster-based coarse-to-fine graph neural network for efficient feature matching},
  author={Shi, Yan and Cai, Jun-Xiong and Shavit, Yoli and Mu, Tai-Jiang and Feng, Wensen and Zhang, Kai},
  booktitle={Proceedings of the IEEE/CVF conference on computer vision and pattern recognition},
  pages={12517--12526},
  year={2022}
}

@article{velickovic2017graph,
  title={Graph attention networks},
  author={Velickovic, Petar and Cucurull, Guillem and Casanova, Arantxa and Romero, Adriana and Lio, Pietro and Bengio, Yoshua and others},
  journal={stat},
  volume={1050},
  number={20},
  pages={10--48550},
  year={2017}
}

@article{Graphsage,
  title={Inductive representation learning on large graphs},
  author={Hamilton, Will and Ying, Zhitao and Leskovec, Jure},
  journal={Advances in neural information processing systems},
  volume={30},
  year={2017}
}

@article{defferrard2016convolutional,
  title={Convolutional neural networks on graphs with fast localized spectral filtering},
  author={Defferrard, Micha{\"e}l and Bresson, Xavier and Vandergheynst, Pierre},
  journal={Advances in neural information processing systems},
  volume={29},
  year={2016}
}

@article{kipf2016semi,
  title={Semi-supervised classification with graph convolutional networks},
  author={Kipf, Thomas N and Welling, Max},
  journal={arXiv preprint arXiv:1609.02907},
  year={2016}
}

@article{Runimp,
  title={Runimp: solution for kddcup 2021 MAG240MLSC},
  author={Shi, Yunsheng and Team, P and Huang, Zhengjie and Li, Weibin and Su, Weiyue and Feng, Shikun and others},
  journal={preprint},
  year={2021}
}

@article{OGB,
  title={Open graph benchmark: Datasets for machine learning on graphs},
  author={Hu, Weihua and Fey, Matthias and Zitnik, Marinka and Dong, Yuxiao and Ren, Hongyu and Liu, Bowen and Catasta, Michele and Leskovec, Jure},
  journal={Advances in neural information processing systems},
  volume={33},
  pages={22118--22133},
  year={2020}
}

@article{OGB-LSC,
  title={Ogb-lsc: A large-scale challenge for machine learning on graphs, 2021},
  author={Hu, Weihua and Fey, Matthias and Ren, Hongyu and Nakata, Maho and Dong, Yuxiao and Leskovec, Jure},
  journal={URL https://arxiv. org/abs/2103.09430}
}


@article{holland1983stochastic,
  title={Stochastic blockmodels: First steps},
  author={Holland, Paul W and Laskey, Kathryn Blackmond and Leinhardt, Samuel},
  journal={Social networks},
  volume={5},
  number={2},
  pages={109--137},
  year={1983},
  publisher={Elsevier}
}

@article{deshpande2018contextual,
  title={Contextual stochastic block models},
  author={Deshpande, Yash and Sen, Subhabrata and Montanari, Andrea and Mossel, Elchanan},
  journal={Advances in Neural Information Processing Systems},
  volume={31},
  year={2018}
}

@inproceedings{shen2018wasserstein,
  title={Wasserstein distance guided representation learning for domain adaptation},
  author={Shen, Jian and Qu, Yanru and Zhang, Weinan and Yu, Yong},
  booktitle={Proceedings of the AAAI conference on artificial intelligence},
  volume={32},
  number={1},
  year={2018}
}

@inproceedings{arjovsky2017wasserstein,
  title={Wasserstein generative adversarial networks},
  author={Arjovsky, Martin and Chintala, Soumith and Bottou, L{\'e}on},
  booktitle={International conference on machine learning},
  pages={214--223},
  year={2017},
  organization={PMLR}
}

@article{van2008visualizing,
  title={Visualizing data using t-SNE.},
  author={Van der Maaten, Laurens and Hinton, Geoffrey},
  journal={Journal of machine learning research},
  volume={9},
  number={11},
  year={2008}
}

@misc{grohep,
  author = "Grohe, Martin",
  title = {Multiset WL},
  year = {2022},
  howpublished = "Personal communication"
}
 
@article{hella,
  title={Logical hierarchies in PTIME},
  author={Hella, Lauri},
  journal={Information and Computation},
  volume={129},
  number={1},
  pages={1--19},
  year={1996},
  publisher={Elsevier}
}

@article{qian2022ordered,
  title={Ordered subgraph aggregation networks},
  author={Qian, Chendi and Rattan, Gaurav and Geerts, Floris and Morris, Christopher and Niepert, Mathias},
  journal={arXiv preprint arXiv:2206.11168},
  year={2022}
}

@article{frasca2022understanding,
  title={Understanding and extending subgraph gnns by rethinking their symmetries},
  author={Frasca, Fabrizio and Bevilacqua, Beatrice and Bronstein, Michael M and Maron, Haggai},
  journal={arXiv preprint arXiv:2206.11140},
  year={2022}
}

@article{morris2022speqnets,
  title={SpeqNets: Sparsity-aware Permutation-equivariant Graph Networks},
  author={Morris, Christopher and Rattan, Gaurav and Kiefer, Sandra and Ravanbakhsh, Siamak},
  journal={arXiv preprint arXiv:2203.13913},
  year={2022}
}

@article{zhang2021nested,
  title={Nested graph neural networks},
  author={Zhang, Muhan and Li, Pan},
  journal={Advances in Neural Information Processing Systems},
  volume={34},
  pages={15734--15747},
  year={2021}
}

@article{geerts2020expressive,
  title={The expressive power of kth-order invariant graph networks},
  author={Geerts, Floris},
  journal={arXiv preprint arXiv:2007.12035},
  year={2020}
}


@article{azizian2020expressive,
  title={Expressive power of invariant and equivariant graph neural networks},
  author={Azizian, Waiss and Lelarge, Marc},
  journal={arXiv preprint arXiv:2006.15646},
  year={2020}
}

@inproceedings{
geerts2022expressiveness,
title={Expressiveness and Approximation Properties of Graph Neural Networks},
author={Floris Geerts and Juan L Reutter},
booktitle={International Conference on Learning Representations},
year={2022},
url={https://openreview.net/forum?id=wIzUeM3TAU}
}

@inproceedings{
dupty2022pfgnn,
title={{PF}-{GNN}: Differentiable particle filtering based approximation of universal graph representations},
author={Mohammed Haroon Dupty and Yanfei Dong and Wee Sun Lee},
booktitle={International Conference on Learning Representations},
year={2022},
url={https://openreview.net/forum?id=oh4TirnfSem}
}

@inproceedings{
chen2018supervised,
title={Supervised Community Detection with Line Graph Neural Networks},
author={Zhengdao Chen and Lisha Li and Joan Bruna},
booktitle={International Conference on Learning Representations},
year={2019},
url={https://openreview.net/forum?id=H1g0Z3A9Fm},
}

@article{choudhary2021atomistic,
  title={Atomistic Line Graph Neural Network for improved materials property predictions},
  author={Choudhary, Kamal and DeCost, Brian},
  journal={npj Computational Materials},
  volume={7},
  number={1},
  pages={1--8},
  year={2021},
  publisher={Nature Publishing Group}
}

@article{battaglia2018relational,
  title={Relational inductive biases, deep learning, and graph networks},
  author={Battaglia, Peter W and Hamrick, Jessica B and Bapst, Victor and Sanchez-Gonzalez, Alvaro and Zambaldi, Vinicius and Malinowski, Mateusz and Tacchetti, Andrea and Raposo, David and Santoro, Adam and Faulkner, Ryan and others},
  journal={arXiv preprint arXiv:1806.01261},
  year={2018}
}

@inproceedings{gilmer2017neural,
  title={Neural message passing for quantum chemistry},
  author={Gilmer, Justin and Schoenholz, Samuel S and Riley, Patrick F and Vinyals, Oriol and Dahl, George E},
  booktitle={International conference on machine learning},
  pages={1263--1272},
  year={2017},
  organization={PMLR}
}

@inproceedings{abboud2020surprising,
  title={The Surprising Power of Graph Neural Networks with Random Node Initialization},
  author    = {Ralph Abboud and {\.I}smail {\.I}lkan Ceylan and Martin Grohe 
               and Thomas Lukasiewicz},
  booktitle={Proceedings of the Thirtieth International Joint Conference on Artifical Intelligence ({IJCAI})},
  year={2021}
}

@inproceedings{maron2019universality,
  title={On the universality of invariant networks},
  author={Maron, Haggai and Fetaya, Ethan and Segol, Nimrod and Lipman, Yaron},
  booktitle={International conference on machine learning},
  pages={4363--4371},
  year={2019},
  organization={PMLR}
}
@article{morris2020weisfeiler,
  title={Weisfeiler and Leman go sparse: Towards scalable higher-order graph embeddings},
  author={Morris, Christopher and Rattan, Gaurav and Mutzel, Petra},
  journal={Advances in Neural Information Processing Systems},
  volume={33},
  pages={21824--21840},
  year={2020}
}

@article{zhao2021stars,
  title={From Stars to Subgraphs: Uplifting Any GNN with Local Structure Awareness},
  author={Zhao, Lingxiao and Jin, Wei and Akoglu, Leman and Shah, Neil},
  journal={ICLR},
  year={2022}
}

@article{shervashidze2011weisfeiler,
  title={Weisfeiler-lehman graph kernels.},
  author={Shervashidze, Nino and Schweitzer, Pascal and Van Leeuwen, Erik Jan and Mehlhorn, Kurt and Borgwardt, Karsten M},
  journal={Journal of Machine Learning Research},
  volume={12},
  number={9},
  year={2011}
}

@inproceedings{chen2020measuring,
  title={Measuring and relieving the over-smoothing problem for graph neural networks from the topological view},
  author={Chen, Deli and Lin, Yankai and Li, Wei and Li, Peng and Zhou, Jie and Sun, Xu},
  booktitle={Proceedings of the AAAI Conference on Artificial Intelligence},
  volume={34},
  pages={3438--3445},
  year={2020}
}

@article{oono2019graph,
  title={Graph neural networks exponentially lose expressive power for node classification},
  author={Oono, Kenta and Suzuki, Taiji},
  journal={arXiv preprint arXiv:1905.10947},
  year={2019}
}

@article{zhang2020revisiting,
  title={Revisiting graph neural networks for link prediction},
  author={Zhang, Muhan and Li, Pan and Xia, Yinglong and Wang, Kai and Jin, Long},
  year={2020}
}

@inproceedings{sankar2021graph,
  title={Graph neural networks for friend ranking in large-scale social platforms},
  author={Sankar, Aravind and Liu, Yozen and Yu, Jun and Shah, Neil},
  booktitle={Proceedings of the Web Conference 2021},
  pages={2535--2546},
  year={2021}
}


@article{velivckovic2017graph,
  title={Graph attention networks},
  author={Veli{\v{c}}kovi{\'c}, Petar and Cucurull, Guillem and Casanova, Arantxa and Romero, Adriana and Lio, Pietro and Bengio, Yoshua},
  journal={arXiv preprint arXiv:1710.10903},
  year={2017}
}

@article{kipf2016semi,
  title={Semi-supervised classification with graph convolutional networks},
  author={Kipf, Thomas N and Welling, Max},
  journal={arXiv preprint arXiv:1609.02907},
  year={2016}
}

@article{wu2020graph,
  title={Graph neural networks in recommender systems: a survey},
  author={Wu, Shiwen and Sun, Fei and Zhang, Wentao and Xie, Xu and Cui, Bin},
  journal={ACM Computing Surveys (CSUR)},
  year={2020},
  publisher={ACM New York, NY}
}

@article{wu2020comprehensive,
  title={A comprehensive survey on graph neural networks},
  author={Wu, Zonghan and Pan, Shirui and Chen, Fengwen and Long, Guodong and Zhang, Chengqi and Philip, S Yu},
  journal={IEEE transactions on neural networks and learning systems},
  volume={32},
  number={1},
  pages={4--24},
  year={2020},
  publisher={IEEE}
}

@inproceedings{ma2021unified,
  title={A unified view on graph neural networks as graph signal denoising},
  author={Ma, Yao and Liu, Xiaorui and Zhao, Tong and Liu, Yozen and Tang, Jiliang and Shah, Neil},
  booktitle={Proceedings of the 30th ACM International Conference on Information \& Knowledge Management},
  pages={1202--1211},
  year={2021}
}

@article{maron2019provably,
  title={Provably powerful graph networks},
  author={Maron, Haggai and Ben-Hamu, Heli and Serviansky, Hadar and Lipman, Yaron},
  journal={Advances in neural information processing systems},
  volume={32},
  year={2019}
}

@inproceedings{murphy2019relational,
  title={Relational pooling for graph representations},
  author={Murphy, Ryan and Srinivasan, Balasubramaniam and Rao, Vinayak and Ribeiro, Bruno},
  booktitle={International Conference on Machine Learning},
  pages={4663--4673},
  year={2019},
  organization={PMLR}
}


@article{bevilacqua2021equivariant,
  title={Equivariant subgraph aggregation networks},
  author={Bevilacqua, Beatrice and Frasca, Fabrizio and Lim, Derek and Srinivasan, Balasubramaniam and Cai, Chen and Balamurugan, Gopinath and Bronstein, Michael M and Maron, Haggai},
  journal={arXiv preprint arXiv:2110.02910},
  year={2021}
}

@inproceedings{you2019position,
  title={Position-aware graph neural networks},
  author={You, Jiaxuan and Ying, Rex and Leskovec, Jure},
  booktitle={International Conference on Machine Learning},
  pages={7134--7143},
  year={2019},
  organization={PMLR}
}

@article{bodnar2021weisfeiler,
  title={Weisfeiler and Lehman go cellular: CW networks},
  author={Bodnar, Cristian and Frasca, Fabrizio and Otter, Nina and Wang, Yuguang and Lio, Pietro and Montufar, Guido F and Bronstein, Michael},
  journal={Advances in Neural Information Processing Systems},
  volume={34},
  pages={2625--2640},
  year={2021}
}

@article{chen2020graph,
  title={On graph neural networks versus graph-augmented mlps},
  author={Chen, Lei and Chen, Zhengdao and Bruna, Joan},
  journal={arXiv preprint arXiv:2010.15116},
  year={2020}
}

@inproceedings{sato2021random,
  title={Random features strengthen graph neural networks},
  author={Sato, Ryoma and Yamada, Makoto and Kashima, Hisashi},
  booktitle={Proceedings of the 2021 SIAM International Conference on Data Mining (SDM)},
  pages={333--341},
  year={2021},
  organization={SIAM}
}

@article{you2021identity,
  title={Identity-aware graph neural networks},
  author={You, Jiaxuan and Gomes-Selman, Jonathan and Ying, Rex and Leskovec, Jure},
  journal={arXiv preprint arXiv:2101.10320},
  year={2021}
}

@article{bouritsas2022improving,
  title={Improving graph neural network expressivity via subgraph isomorphism counting},
  author={Bouritsas, Giorgos and Frasca, Fabrizio and Zafeiriou, Stefanos P and Bronstein, Michael},
  journal={IEEE Transactions on Pattern Analysis and Machine Intelligence},
  year={2022},
  publisher={IEEE}
}

@inproceedings{garg2020generalization,
  title={Generalization and representational limits of graph neural networks},
  author={Garg, Vikas and Jegelka, Stefanie and Jaakkola, Tommi},
  booktitle={International Conference on Machine Learning},
  pages={3419--3430},
  year={2020},
  organization={PMLR}
}

@inproceedings{
loukas2019graph,
title={What graph neural networks cannot learn: depth vs width},
author={Andreas Loukas},
booktitle={International Conference on Learning Representations},
year={2020},
url={https://openreview.net/forum?id=B1l2bp4YwS}
}

@inproceedings{gcn,
  title={Semi-Supervised Classification with Graph Convolutional Networks},
  author={Kipf, Thomas N. and Welling, Max},
  booktitle={International Conference on Learning Representations (ICLR)},
  year={2017}
}

@article{hawkins2004problem,
  title={The problem of overfitting},
  author={Hawkins, Douglas M},
  journal={Journal of chemical information and computer sciences},
  volume={44},
  number={1},
  pages={1--12},
  year={2004},
  publisher={ACS Publications}
}

@article{klicpera2018predict,
  title={Predict then propagate: Graph neural networks meet personalized pagerank},
  author={Klicpera, Johannes and Bojchevski, Aleksandar and G{\"u}nnemann, Stephan},
  journal={arXiv preprint arXiv:1810.05997},
  year={2018}
}

@article{rossi2020sign,
  title={Sign: Scalable inception graph neural networks},
  author={Rossi, Emanuele and Frasca, Fabrizio and Chamberlain, Ben and Eynard, Davide and Bronstein, Michael and Monti, Federico},
  journal={arXiv preprint arXiv:2004.11198},
  year={2020}
}


@article{arvind2020weisfeiler,
  title={On Weisfeiler-Leman invariance: Subgraph counts and related graph properties},
  author={Arvind, Vikraman and Fuhlbr{\"u}ck, Frank and K{\"o}bler, Johannes and Verbitsky, Oleg},
  journal={Journal of Computer and System Sciences},
  volume={113},
  pages={42--59},
  year={2020},
  publisher={Elsevier}
}

@article{babai1980random,
  title={Random graph isomorphism},
  author={Babai, L{\'a}szl{\'o} and Erdos, Paul and Selkow, Stanley M},
  journal={SIAM Journal on Computing},
  volume={9},
  number={3},
  pages={628--635},
  year={1980},
  publisher={SIAM}
}

@article{topping2021understanding,
  title={Understanding over-squashing and bottlenecks on graphs via curvature},
  author={Topping, Jake and Di Giovanni, Francesco and Chamberlain, Benjamin Paul and Dong, Xiaowen and Bronstein, Michael M},
  journal={arXiv preprint arXiv:2111.14522},
  year={2021}
}

@inproceedings{morris2019weisfeiler,
  title={Weisfeiler and leman go neural: Higher-order graph neural networks},
  author={Morris, Christopher and Ritzert, Martin and Fey, Matthias and Hamilton, William L and Lenssen, Jan Eric and Rattan, Gaurav and Grohe, Martin},
  booktitle={Proceedings of the AAAI conference on artificial intelligence},
  volume={33},
  pages={4602--4609},
  year={2019}
}

@article{chen2022invariance,
  title={Invariance principle meets out-of-distribution generalization on graphs},
  author={Chen, Yongqiang and Zhang, Yonggang and Yang, Han and Ma, Kaili and Xie, Binghui and Liu, Tongliang and Han, Bo and Cheng, James},
  journal={arXiv preprint arXiv:2202.05441},
  volume={2},
  number={3},
  pages={5},
  year={2022}
}

@inproceedings{Xu:2019ty,
  added-at = {2021-06-20T23:54:10.000+0200},
  author = {Xu, Keyulu and Hu, Weihua and Leskovec, Jure and Jegelka, Stefanie},
  biburl = {https://www.bibsonomy.org/bibtex/2e94751b348562aa4722cb3a2fbfbf168/kherud},
  booktitle = {Proceedings of the 7th International Conference on Learning Representations},
  interhash = {8eee8881959319aa27f68a4f7356ac18},
  intrahash = {e94751b348562aa4722cb3a2fbfbf168},
  keywords = {final thema:gnn4rec},
  location = {New Orleans, Louisiana, USA},
  pages = {1--17},
  series = {ICLR '19},
  timestamp = {2021-06-20T23:54:10.000+0200},
  title = {{How Powerful are Graph Neural Networks?}},
  url = {https://openreview.net/forum?id=ryGs6iA5Km},
  year = 2019
}



@inproceedings{
alon2021on,
title={On the Bottleneck of Graph Neural Networks and its Practical Implications},
author={Uri Alon and Eran Yahav},
booktitle={International Conference on Learning Representations},
year={2021},
url={https://openreview.net/forum?id=i80OPhOCVH2}
}

@inproceedings{
zhao2020pairnorm,
title={PairNorm: Tackling Oversmoothing in {\{}GNN{\}}s},
author={Lingxiao Zhao and Leman Akoglu},
booktitle={International Conference on Learning Representations},
year={2020},
url={https://openreview.net/forum?id=rkecl1rtwB}
}




%%%%%%%%%%%%%%%%%% k WL %%%%%%%%%%%%%%%%%%%%%%%%%%%%%%%%
@article{read1977graph,
  title={The graph isomorphism disease},
  author={Read, Ronald C and Corneil, Derek G},
  journal={Journal of graph theory},
  volume={1},
  number={4},
  pages={339--363},
  year={1977},
  publisher={Wiley Online Library}
}
@inproceedings{weisfeiler1976construction,
  title={On Construction and Identification of Graphs},
  author={Weisfeiler, Boris},
  booktitle={LECTURE NOTES IN MATHEMATICS},
  year={1976},
  organization={Citeseer}
}
@article{cai1992optimal,
  title={An optimal lower bound on the number of variables for graph identification},
  author={Cai, Jin-Yi and F{\"u}rer, Martin and Immerman, Neil},
  journal={Combinatorica},
  volume={12},
  number={4},
  pages={389--410},
  year={1992},
  publisher={Springer}
}

@inproceedings{grohe2021logic,
  title={The logic of graph neural networks},
  author={Grohe, Martin},
  booktitle={2021 36th Annual ACM/IEEE Symposium on Logic in Computer Science (LICS)},
  pages={1--17},
  year={2021},
  organization={IEEE}
}

@article{grohe2015pebble,
  title={Pebble games and linear equations},
  author={Grohe, Martin and Otto, Martin},
  journal={The Journal of Symbolic Logic},
  volume={80},
  number={3},
  pages={797--844},
  year={2015},
  publisher={Cambridge University Press}
}


%%%%%%%%%%%%%%%%%%%%%%%%%%%%%%%%%%%%%%%%%%%%%%%%%%%%%%%%%


@article{zaheer2017deep,
  title={Deep sets},
  author={Zaheer, Manzil and Kottur, Satwik and Ravanbakhsh, Siamak and Poczos, Barnabas and Salakhutdinov, Russ R and Smola, Alexander J},
  journal={Advances in neural information processing systems},
  volume={30},
  year={2017}
}

@article{hornik1989multilayer,
  title={Multilayer feedforward networks are universal approximators},
  author={Hornik, Kurt and Stinchcombe, Maxwell and White, Halbert},
  journal={Neural networks},
  volume={2},
  number={5},
  pages={359--366},
  year={1989},
  publisher={Elsevier}
}

@article{wu2018moleculenet,
  title={MoleculeNet: a benchmark for molecular machine learning},
  author={Wu, Zhenqin and Ramsundar, Bharath and Feinberg, Evan N and Gomes, Joseph and Geniesse, Caleb and Pappu, Aneesh S and Leswing, Karl and Pande, Vijay},
  journal={Chemical science},
  volume={9},
  number={2},
  pages={513--530},
  year={2018},
  publisher={Royal Society of Chemistry}
}


@inproceedings{
hu2020pretraining,
title={Strategies for Pre-training Graph Neural Networks},
author={Hu, Weihua and Liu, Bowen and Gomes, Joseph and Zitnik, Marinka and Liang, Percy and Pande, Vijay and Leskovec, Jure},
booktitle={International Conference on Learning Representations},
year={2020},
url={https://openreview.net/forum?id=HJlWWJSFDH},
}



@inproceedings{morris2017glocalized,
  title={Glocalized weisfeiler-lehman graph kernels: Global-local feature maps of graphs},
  author={Morris, Christopher and Kersting, Kristian and Mutzel, Petra},
  booktitle={2017 IEEE International Conference on Data Mining (ICDM)},
  pages={327--336},
  year={2017},
  organization={IEEE}
}


@inproceedings{Fey/Lenssen/2019,
  title={Fast Graph Representation Learning with {PyTorch Geometric}},
  author={Fey, Matthias and Lenssen, Jan E.},
  booktitle={ICLR Workshop on Representation Learning on Graphs and Manifolds},
  year={2019},
}
